@article{ MassiveGravity,
Author = {de Rham, Claudia},
Title = {Massive Gravity},
Journal = {LIVING REVIEWS IN RELATIVITY},
Year = {2014},
Volume = {17},
DOI = {10.12942/lrr-2014-7},
Article-Number = {7},
ISSN = {2367-3613},
EISSN = {1433-8351},
ResearcherID-Numbers = {de Rham, Claudia/P-9318-2015},
ORCID-Numbers = {de Rham, Claudia/0000-0002-6183-1030},
Unique-ID = {WOS:000342409700001},
url={https://link.springer.com/article/10.12942/lrr-2014-7},
}

@article{VanDamAndVeltmanDiscontinuity,
title = {Massive and mass-less Yang-Mills and gravitational fields},
journal = {Nuclear Physics B},
volume = {22},
number = {2},
pages = {397-411},
year = {1970},
issn = {0550-3213},
doi = {https://doi.org/10.1016/0550-3213(70)90416-5},
url = {https://www.sciencedirect.com/science/article/pii/0550321370904165},
author = {H. {van Dam} and M. Veltman},
}

@ARTICLE{ZakharovDiscontinuity,
       author = {{Zakharov}, V.~I.},
        title = "{Linearized Gravitation Theory and the Graviton Mass}",
      journal = {ZhETF Pisma Redaktsiiu},
         year = 1970,
        month = jan,
       volume = {12},
        pages = {447},
       adsurl = {https://ui.adsabs.harvard.edu/abs/1970ZhPmR..12..447Z},
      adsnote = {Provided by the SAO/NASA Astrophysics Data System},
      urol={https://ui.adsabs.harvard.edu/abs/1970ZhPmR..12..447Z/abstract}
}

@article{VainshteinSol,
title = {To the problem of nonvanishing gravitation mass},
author={A. I. Vainshtein},
journal = {Physics Letters B},
volume = {39},
number = {3},
pages = {393-394},
year = {1972},
issn = {0370-2693},
doi = {https://doi.org/10.1016/0370-2693(72)90147-5},
url = {https://www.sciencedirect.com/science/article/pii/0370269372901475},
}

@article{Helicity,
	doi = {10.1007/jhep11(2011)093},
  
	url = {https://doi.org/10.1007%2Fjhep11%282011%29093},
  
	year = 2011,
	month = {nov},
  
	publisher = {Springer Science and Business Media {LLC}
},
  
	volume = {2011},
  
	number = {11},
  
	author = {Claudia de Rham and Gregory Gabadadze and Andrew J. Tolley},
  
	title = {Helicity decomposition of ghost-free massive gravity},
  
	journal = {Journal of High Energy Physics}
}
@article{TheoreticalAspectsOfMassiveGRavity,
	doi = {10.1103/revmodphys.84.671},
  
	url = {url{https://doi.org/10.1103%2Frevmodphys.84.671}},
  
	year = 2012,
	month = {may},
  
	publisher = {American Physical Society ({APS})},
  
	volume = {84},
  
	number = {2},
  
	pages = {671--710},
  
	author = {Kurt Hinterbichler},
  
	title = {Theoretical aspects of massive gravity},
  
	journal = {Reviews of Modern Physics}
}
@misc{Discontinuidad,
  doi = {10.48550/ARXIV.GR-QC/0107058},
  
  url = {https://arxiv.org/abs/gr-qc/0107058},
  
  author = {Carrera, Matteo and Giulini, Domenico},
  
  keywords = {General Relativity and Quantum Cosmology (gr-qc), High Energy Physics - Theory (hep-th), FOS: Physical sciences, FOS: Physical sciences},
  
  title = {Classical Analysis of the van Dam - Veltman Discontinuity},
  
  publisher = {arXiv},
  
  year = {2001},
  
  copyright = {Assumed arXiv.org perpetual, non-exclusive license to distribute this article for submissions made before January 2004}
}
@article{ExorcisingTheGhost,
	doi = {10.1007/jhep04(2011)004},
  
	url = {https://doi.org/10.1007%2Fjhep04%282011%29004},
  
	year = 2011,
	month = {apr},
  
	publisher = {Springer Science and Business Media {LLC}
},
  
	volume = {2011},
  
	number = {4},
  
	author = {Lasma Alberte and Ali H. Chamseddine and Viatcheslav Mukhanov},
  
	title = {Massive gravity: exorcising the ghost},
  
	journal = {Journal of High Energy Physics}
}
@article{CosmologicalStudy1,
	doi = {10.1016/j.aop.2015.04.003},
  
	url = {https://doi.org/10.1016%2Fj.aop.2015.04.003},
  
	year = 2015,
	month = {sep},
  
	publisher = {Elsevier {BV}
},
  
	volume = {360},
  
	pages = {180--193},
  
	author = {Supriya Pan and Subenoy Chakraborty},
  
	title = {A cosmological study in massive gravity theory},
  
	journal = {Annals of Physics}
}
@article{BlackHolesInMG,
	doi = {10.1088/0264-9381/32/15/154001},
  
	url = {https://doi.org/10.1088%2F0264-9381%2F32%2F15%2F154001},
  
	year = 2015,
	month = {jul},
  
	publisher = {{IOP} Publishing},
  
	volume = {32},
  
	number = {15},
  
	pages = {154001},
  
	author = {Eugeny Babichev and Richard Brito},
  
	title = {Black holes in massive gravity},
  
	journal = {Classical and Quantum Gravity}
}
@article{GhostFreeMassiveGravity,
	doi = {10.1007/jhep02(2012)026},
  
	url = {https://doi.org/10.1007%2Fjhep02%282012%29026},
  
	year = 2012,
	month = {feb},
  
	publisher = {Springer Science and Business Media {LLC}
},
  
	volume = {2012},
  
	number = {2},
  
	author = {S. F. Hassan and Rachel A. Rosen and Angnis Schmidt-May},
  
	title = {Ghost-free massive gravity with a general reference metric},
  
	journal = {Journal of High Energy Physics}
}
@article{ResummationOfMG,
	doi = {10.1103/physrevlett.106.231101},
  
	url = {https://doi.org/10.1103%2Fphysrevlett.106.231101},
  
	year = 2011,
	month = {jun},
  
	publisher = {American Physical Society ({APS})},
  
	volume = {106},
  
	number = {23},
  
	author = {Claudia de Rham and Gregory Gabadadze and Andrew J. Tolley},
  
	title = {Resummation of Massive Gravity},
  
	journal = {Physical Review Letters}
}
@article{GeneralizationOfFP,
	doi = {10.1103/physrevd.82.044020},
  
	url = {https://doi.org/10.1103%2Fphysrevd.82.044020},
  
	year = 2010,
	month = {aug},
  
	publisher = {American Physical Society ({APS})},
  
	volume = {82},
  
	number = {4},
  
	author = {Claudia de Rham and Gregory Gabadadze},
  
	title = {Generalization of the Fierz-Pauli action},
  
	journal = {Physical Review D}
}
@article{ConsistentMassiveGraviton,
	doi = {10.1103/physrevd.91.104013},
  
	url = {https://doi.org/10.1103%2Fphysrevd.91.104013},
  
	year = 2015,
	month = {may},
  
	publisher = {American Physical Society ({APS})},
  
	volume = {91},
  
	number = {10},
  
	author = {Laura Bernard and C{'{e}
}dric Deffayet and Mikael von Strauss},
  
	title = {Consistent massive graviton on arbitrary backgrounds},
  
	journal = {Physical Review D}
}
@article{AClassOfBlackHoles,
	doi = {10.1140/epjc/s10052-016-3943-x},
  
	url = {https://doi.org/10.1140/epjc/s10052-016-3943-x},
  
	year = 2016,
	month = {mar},
  
	publisher = {Springer Science and Business Media {LLC}
},
  
	volume = {76},
  
	number = {3},
  
	author = {Suchant G. Ghosh and Lunchakorn Tannukij and Pitayuth Wongjun},
  
	title = {A class of black holes in {dRGT} massive gravity and their thermodynamical properties},
  
	journal = {The European Physical Journal C}
}

@article{StabilityOfSdSBlackHoles,
	doi = {10.1093/ptep/ptu016},
  
	url = {https://doi.org/10.1093%2Fptep%2Fptu016},
  
	year = 2014,
	month = {feb},
  
	publisher = {Oxford University Press ({OUP})},
  
	volume = {2014},
  
	number = {2},
  
	pages = {23E02--0},
  
	author = {H. Kodama and I. Arraut},
  
	title = {Stability of the Schwarzschild-de Sitter black hole in the {dRGT} massive gravity theory},
  
	journal = {Progress of Theoretical and Experimental Physics}
}
@article{BlackHoleSolutionIndeRGTMassiveGravity,
	doi = {10.1103/physrevd.93.064040},
  
	url = {https://doi.org/10.1103%2Fphysrevd.93.064040},
  
	year = 2016,
	month = {mar},
  
	publisher = {American Physical Society ({APS})},
  
	volume = {93},
  
	number = {6},
  
	author = {Ping Li and Xin-zhou Li and Ping Xi},
  
	title = {Black hole solutions in de Rham-Gabadadze-Tolley massive gravity},
  
	journal = {Physical Review D}
}
@article{NoHairTheoremInQuasi,
	doi = {10.1016/j.physletb.2016.04.016},
  
	url = {https://doi.org/10.1016%2Fj.physletb.2016.04.016},
  
	year = 2016,
	month = {jun},
  
	publisher = {Elsevier {BV}
},
  
	volume = {757},
  
	pages = {324--329},
  
	author = {De-Jun Wu and Shuang-Yong Zhou},
  
	title = {No hair theorem in quasi-dilaton massive gravity},
  
	journal = {Physics Letters B}
}
@article{BardeenBlackHole,
	doi = {10.1139/cjp-2021-0092},
  
	url = {https://doi.org/10.1139%2Fcjp-2021-0092},
  
	year = 2022,
	month = {jan},
  
	publisher = {Canadian Science Publishing},
  
	volume = {100},
  
	number = {1},
  
	pages = {39--47},
  
	author = {R.P. Singh and B.K. Singh and B.R.K. Gupta and Shobhit Sachan},
  
	title = {Thermodynamic properties of Bardeen black holes in {dRGT} massive gravity},
  
	journal = {Canadian Journal of Physics}
}
@software{GitHub,
author = {Moreno Triana, Jhon Sebasti√°n},
month = {9},
title = {{AgujerosNegrosdRGT}},
url = {https://github.com/Jh0mpis/AgujerosNegrosdRGT},
version = {1.0.0},
year = {2022}
}
@article{EventHorizonsKerr,
	doi = {10.1103/physrevd.87.124017},
  
	url = {https://doi.org/10.1103%2Fphysrevd.87.124017},
  
	year = 2013,
	month = {jun},
  
	publisher = {American Physical Society ({APS})},
  
	volume = {87},
  
	number = {12},
  
	author = {Tim Johannsen},
  
	title = {Systematic study of event horizons and pathologies of parametrically deformed Kerr spacetimes},
  
	journal = {Physical Review D}
}

@book{BabmiBlackHoles,
author = {Bambi, Cosimo},
year = {2017},
month = {06},
pages = {},
title = {Black Holes: A Laboratory for Testing Strong Gravity},
isbn = {978-981-10-4523-3},
journal = {Black Holes: A Laboratory for Testing Strong Gravity},
doi = {10.1007/978-981-10-4524-0}
}

@article{EventHorizonDef,
  doi = {10.48550/ARXIV.GR-QC/0512169},
  
  url = {https://arxiv.org/abs/gr-qc/0512169},
  
  author = {Thornburg, Jonathan},
  
  keywords = {General Relativity and Quantum Cosmology (gr-qc), FOS: Physical sciences, FOS: Physical sciences},
  
  title = {Event and Apparent Horizon Finders for 3+1 Numerical Relativity},
  
  publisher = {arXiv},
  
  year = {2005},
  
  copyright = {Assumed arXiv.org perpetual, non-exclusive license to distribute this article for submissions made before January 2004}
}

@book{ToolKit,
  title={A relativist's toolkit: the mathematics of black-hole mechanics},
  author={Poisson, Eric},
  year={2004},
  publisher={Cambridge university press}
}

@article{JN-RotatingAndNUTCharged,
	doi = {10.3390/universe3010019},
  
	url = {https://doi.org/10.3390%2Funiverse3010019},
  
	year = 2017,
	month = {mar},
  
	publisher = {{MDPI} {AG}
},
  
	volume = {3},
  
	number = {1},
  
	pages = {19},
  
	author = {Harold Erbin},
  
	title = {Janis{textendash}Newman Algorithm: Generating Rotating and {NUT} Charged Black Holes},
  
	journal = {Universe}
}

@article{AplicabilityOfJN,
	doi = {10.1103/physrevd.88.104020},
  
	url = {https://doi.org/10.1103%2Fphysrevd.88.104020},
  
	year = 2013,
	month = {nov},
  
	publisher = {American Physical Society ({APS})},
  
	volume = {88},
  
	number = {10},
  
	author = {Devin Hansen and Nicol{'{a}
}s Yunes},
  
	title = {Applicability of the Newman-Janis algorithm to black hole solutions of modified gravity theories},
  
	journal = {Physical Review D}
}

@article{AnExtensionOfJN,
author = {Chou, Yu-Ching},
year = {2019},
month = {11},
pages = {},
title = {An Extension of Newman-Janis algorithm for Rotation Metrics in General Relativity},
doi = {10.31219/osf.io/gy3t2}
}


@book{ThePotentialOfFildsInEinstein,
  title={The Potential of Fields in Einstein's Theory of Gravitation},
  author={Ahsan, Zafar},
  year={2019},
  publisher={Springer Singapore}
}